@article{Patrignani:2016xqp,
      author         = "Patrignani, C. and others",
      title          = "{Review of Particle Physics}",
      collaboration  = "Particle Data Group",
      journal        = "Chin. Phys.",
      volume         = "C40",
      year           = "2016",
      number         = "10",
      pages          = "100001",
      doi            = "10.1088/1674-1137/40/10/100001",
      SLACcitation   = "%%CITATION = CHPHD,C40,100001;%%"
}

@article{Bahcall:2004pz,
      author         = "Bahcall, John N. and Serenelli, Aldo M. and Basu,
                        Sarbani",
      title          = "{New solar opacities, abundances, helioseismology, and
                        neutrino fluxes}",
      journal        = "Astrophys. J.",
      volume         = "621",
      year           = "2005",
      pages          = "L85-L88",
      doi            = "10.1086/428929",
      eprint         = "astro-ph/0412440",
      archivePrefix  = "arXiv",
      primaryClass   = "astro-ph",
      SLACcitation   = "%%CITATION = ASTRO-PH/0412440;%%"
}

@phdthesis{Hofestaedt2017,
  author      = {Jannik Hofest{\"a}dt},
  title       = {Measuring the neutrino mass hierarchy with the future KM3NeT/ORCA detector},
  type        = {doctoralthesis},
  pages       = {239},
  school      = {Friedrich-Alexander-Universit{\"a}t Erlangen-N{\"u}rnberg (FAU)},
  year        = {2017},
}

@article{Cowan:1992xc,
      author         = "Cowan, C. L. and Reines, F. and Harrison, F. B. and
                        Kruse, H. W. and McGuire, A. D.",
      title          = "{Detection of the free neutrino: A Confirmation}",
      journal        = "Science",
      volume         = "124",
      year           = "1956",
      pages          = "103-104",
      doi            = "10.1126/science.124.3212.103",
      SLACcitation   = "%%CITATION = SCIEA,124,103;%%"
}

@article{Danby:1962nd,
      author         = "Danby, G. and Gaillard, J. M. and Goulianos, Konstantin
                        A. and Lederman, L. M. and Mistry, Nari B. and Schwartz,
                        M. and Steinberger, J.",
      title          = "{Observation of High-Energy Neutrino Reactions and the
                        Existence of Two Kinds of Neutrinos}",
      journal        = "Phys. Rev. Lett.",
      volume         = "9",
      year           = "1962",
      pages          = "36-44",
      doi            = "10.1103/PhysRevLett.9.36",
      SLACcitation   = "%%CITATION = PRLTA,9,36;%%"
}

@article{Brown:1978pb,
      author         = "Brown, Laurie M.",
      title          = "{The idea of the neutrino}",
      journal        = "Phys. Today",
      volume         = "31N9",
      year           = "1978",
      pages          = "23-28",
      doi            = "10.1063/1.2995181",
      SLACcitation   = "%%CITATION = PHTOA,31N9,23;%%"
}

@article{Kodama:2000mp,
      author         = "Kodama, K. and others",
      title          = "{Observation of tau neutrino interactions}",
      collaboration  = "DONUT",
      journal        = "Phys. Lett.",
      volume         = "B504",
      year           = "2001",
      pages          = "218-224",
      doi            = "10.1016/S0370-2693(01)00307-0",
      eprint         = "hep-ex/0012035",
      archivePrefix  = "arXiv",
      primaryClass   = "hep-ex",
      reportNumber   = "FERMILAB-PUB-00-335-E",
      SLACcitation   = "%%CITATION = HEP-EX/0012035;%%"
}

@article{Ahmad:2002jz,
      author         = "Ahmad, Q. R. and others",
      title          = "{Direct evidence for neutrino flavor transformation from
                        neutral current interactions in the Sudbury Neutrino
                        Observatory}",
      collaboration  = "SNO",
      journal        = "Phys. Rev. Lett.",
      volume         = "89",
      year           = "2002",
      pages          = "011301",
      doi            = "10.1103/PhysRevLett.89.011301",
      eprint         = "nucl-ex/0204008",
      archivePrefix  = "arXiv",
      primaryClass   = "nucl-ex",
      SLACcitation   = "%%CITATION = NUCL-EX/0204008;%%"
}

@book{Zuber:2004nz,
      author         = "Zuber, K.",
      title          = "{Neutrino physics}",
      journal        = "Boca Raton: USA: CRC Pr. (2012) 448p",
      year           = "2004",
      ISBN           = "9780750307505",
      SLACcitation   = "%%CITATION = INSPIRE-647003;%%"
}

@article{Adrian-Martinez:2016fdl,
      author         = "Adrian-Martinez, S. and others",
      title          = "{Letter of intent for KM3NeT 2.0}",
      collaboration  = "KM3Net",
      journal        = "J. Phys.",
      volume         = "G43",
      year           = "2016",
      number         = "8",
      pages          = "084001",
      doi            = "10.1088/0954-3899/43/8/084001",
      eprint         = "1601.07459",
      archivePrefix  = "arXiv",
      primaryClass   = "astro-ph.IM",
      SLACcitation   = "%%CITATION = ARXIV:1601.07459;%%"
}

@book{hastie_09_elements-of.statistical-learning,
  added-at = {2010-06-03T15:15:09.000+0200},
  author = {Hastie, Trevor and Tibshirani, Robert and Friedman, Jerome},
  biburl = {https://www.bibsonomy.org/bibtex/200d858c0bd2826d4eb5f39450192d1f5/ukoethe},
  edition = 2,
  file = {:Books\\HastieTibshiraniFriedman-09-Elements-of-Statistical-Learning-2nd-edition\\hastie_09_elements-of.statistical-learning.pdf:PDF},
  interhash = {52d1772f39be836e3b298d37b8c0cfa1},
  intrahash = {00d858c0bd2826d4eb5f39450192d1f5},
  keywords = {inference mathmatics dataanalysis method clutering statistics},
  publisher = {Springer},
  timestamp = {2010-06-03T15:15:09.000+0200},
  title = {The elements of statistical learning: data mining, inference and prediction},
  url = {http://www-stat.stanford.edu/~tibs/ElemStatLearn/},
  year = 2009
}

@article{MacKay2003,
  added-at = {2006-05-16T09:10:53.000+0200},
  author = {MacKay, David J. C.},
  biburl = {https://www.bibsonomy.org/bibtex/29a8c0bf8a22e0e4583032eaab241ea04/hotho},
  interhash = {86f621d9d6f9f159448f768d792d4511},
  intrahash = {9a8c0bf8a22e0e4583032eaab241ea04},
  isbn = {9780521642989},
  keywords = {2006 learning lecture kdd algorithm},
  timestamp = {2006-05-16T09:10:53.000+0200},
  title = {Information Theory, Inference, and Learning Algorithms},
  url = {http://www.inference.phy.cam.ac.uk/mackay/itila/},
  year = 2003
}


@ARTICLE{2007physics...3039H,
   author = {{Hoecker}, A. and {Speckmayer}, P. and {Stelzer}, J. and {Therhaag}, J. and 
	{von Toerne}, E. and {Voss}, H. and {Backes}, M. and {Carli}, T. and 
	{Cohen}, O. and {Christov}, A. and {Dannheim}, D. and {Danielowski}, K. and 
	{Henrot-Versille}, S. and {Jachowski}, M. and {Kraszewski}, K. and 
	{Krasznahorkay}, Jr., A. and {Kruk}, M. and {Mahalalel}, Y. and 
	{Ospanov}, R. and {Prudent}, X. and {Robert}, A. and {Schouten}, D. and 
	{Tegenfeldt}, F. and {Voigt}, A. and {Voss}, K. and {Wolter}, M. and 
	{Zemla}, A.},
    title = "{TMVA - Toolkit for Multivariate Data Analysis}",
  journal = {ArXiv Physics e-prints},
   eprint = {physics/0703039},
 keywords = {Physics - Data Analysis, Statistics and Probability},
     year = 2007,
    month = mar,
   adsurl = {http://adsabs.harvard.edu/abs/2007physics...3039H},
  adsnote = {Provided by the SAO/NASA Astrophysics Data System}
}

